1010000000000          0908231224D094101FDMS                                          PRODUMS 
5200SERVICELIVE, INC23868000019                   CCDPAYMENT   0908230908230001        0000001
622244183602222              0000001900100189410      SUSMITACOMMERCIAL       0091000010000001
82000000010024418360000000000000000000001900                                           0000001
5200SERVICELIVE, INC23868000019                   CCDPAYMENT   0908230908230001        0000002
627244183602222              0000123400100189408      SUSMITACOMMERCIAL       0091000010000002
82000000010024418360000000123400000000000000                                           0000002
9000002000001000000020048836720000000123400000000001900                                       