1010000000000B8411280860908311446G094101WELLS                  FDMS                           
5200SERVICELIVE, INC23868000027                   PPDPAYMENT   0908310908310001        0000001
632244183602222              0000000200100191319      X                       0091000010000001
632244183602222              0000000400100191321      X                       0091000010000002
632244183602222              0000000100100191318      X                       0091000010000003
632244183602222              0000000300100191320      X                       0091000010000004
82000000040097673440000000000000000000001000                                           0000001
9000001000001000000040097673440000000000000000000001000                                       
9999999999999999999999999999999999999999999999999999999999999999999999999999999999999999999999
9999999999999999999999999999999999999999999999999999999999999999999999999999999999999999999999
9999999999999999999999999999999999999999999999999999999999999999999999999999999999999999999999
9999999999999999999999999999999999999999999999999999999999999999999999999999999999999999999999
9999999999999999999999999999999999999999999999999999999999999999999999999999999999999999999999